
@book{smith2005virtual,
  title={Virtual Machines: Versatile Platforms for Systems and Processes},
  author={Smith, J. and Nair, R.},
  isbn={9780080525402},
  lccn={2005013376},
  series={ISSN},
  url={https://books.google.es/books?id=JPhQw41vD2MC},
  year={2005},
  publisher={Elsevier Science}
}

@book{cabrera2011sistemas,
  title={Sistemas Inform{\'a}ticos (GRADO SUPERIOR)},
  author={Cabrera, J.L.R. and Gonz{\'a}lez, L.R. and Zurdo, F.J.S. and TOME, A.G.},
  isbn={9788499640990},
  url={https://books.google.es/books?id=IWqipwAACAAJ},
  year={2011},
  publisher={RA-MA S.A. Editorial y Publicaciones}
}

@article{rad2017introduction,
  title={An introduction to docker and analysis of its performance},
  author={Rad, Babak Bashari and Bhatti, Harrison John and Ahmadi, Mohammad},
  journal={International Journal of Computer Science and Network Security (IJCSNS)},
  volume={17},
  number={3},
  pages={228},
  year={2017},
  publisher={International Journal of Computer Science and Network Security}
}

@article{merkel2014docker,
  title={Docker: lightweight linux containers for consistent development and deployment},
  author={Merkel, Dirk},
  journal={Linux journal},
  volume={2014},
  number={239},
  pages={2},
  year={2014}
}


@article{rktvsdocker,
  title={rkt vs other projects},
  author={rkt},
  journal={https://coreos.com/rkt/docs/latest/rkt-vs-other-projects.html}
}

@article{sysdigUsage,
  title={2018 Docker usage report},
  author={sysdig},
  journal={https://sysdig.com/blog/2018-docker-usage-report/}
}

